@Book{instalowanie_i_wyposazenie,
    author =    "Chojnacki, Wiktor",
    title =     "Instalowanie i wyposażenie radiostacji amatorskich",
    publisher = "Wydawnictwa Komunikacji i Łączności",
    year =      1986,
    address =   "Warszawa",
    edition =   "drugie"
}

@Book{Encyklopedia,
    author =    "Niemcewicz, Leonard",
    title =     "Podręczna encyklopedia radioamatora",
    publisher = "Wydawnictwa Komunikacji i Łączności",
    year =      1964,
    address =   "Warszawa",
    edition =   "drugie",
}

@Book{stm32,
    author =    "Paprocki, Krzysztof",
    title =     "Mikrokontrolery STM32 w praktyce",
    publisher = "Wydawnictwo btc",
    year =      2009,
    address =   "Legionowo",
    edition =   "1",
}

@misc{krotkofalarstwo,
    author = {Paweł SQ9ATK},
    title = {{Co to jest którkofalarstwo}},
    howpublished = "\url{http://ostol.pl/co-to-jest-krotkofalarstwo}",
    year = {2013},
    note = "[Online; dostęp 25 listopada 2013]"
}

@misc{krotkofalarstwo2,
    author = {Jarosław SP3AYA},
    title = {{Czym jest krótkofalarstwo}},
    howpublished = "\url{http://sp3pow.pl/articles.php?article_id=59}",
    year = {2012},
    note = "[Online; dostęp 25 listopada 2013]"
}

@misc{modulacje,
    author = {Jarosław SP3AYA},
    title = {{Modulacje}},
    howpublished = "\url{http://sp3pow.pl/articles.php?article_id=69}",
    year = {2012},
    note = "[Online; dostęp 26 listopada 2013]"
}

@misc{modulacje2,
    author = {Joel Sing, Phil Rice},
    title = {{Modulation: Making the Message Fit the Medium}},
    howpublished = "\url{http://ironbark.xtelco.com.au/subjects/DC/lectures/7}",
    year = {2008},
    note = "[Online; dostęp 26 listopada 2013]"
}

@misc{arrow,
    author = {Dariusz Florowski SQ5RJK},
    title = {{Arrow Antenna do łączności satelitarnych 2m/70cm}},
    howpublished = "\url{http://sq5rjk.blogspot.com/2011/09/arrow-antenna-do-acznosci-satelitarnych.html}",
    year = {2011},
    note = "[Online; dostęp 26 listopada 2013]"
}

@misc{servo,
    author = {www.robotyka.net.pl},
    title = {{Sterowanie serwomechanizmem}},
    howpublished = "\url{http://www.robotyka.net.pl/sterowanie-serwomechanizmem}",
    year = {2011},
    note = "[Online; dostęp 3 grudnia 2013]"
}
